%% This BibTeX bibliography file was created using BibDesk.
%% https://bibdesk.sourceforge.io/

%% Created for Michael Korneff at 2022-05-05 13:32:50 +0300 


%% Saved with string encoding Unicode (UTF-8) 



@book{Magnus,
	author = {Magnus, W. and Karrass, A. and Solitar, D.},
	date-added = {2022-05-05 13:31:23 +0300},
	date-modified = {2022-05-05 13:31:34 +0300},
	isbn = {9780486438306},
	lccn = {2004056124},
	publisher = {Dover Publications},
	series = {Dover books on mathematics},
	title = {Combinatorial Group Theory: Presentations of Groups in Terms of Generators and Relations},
	url = {https://books.google.ru/books?id=1LW4s1RDRHQC},
	year = {2004},
	bdsk-url-1 = {https://books.google.ru/books?id=1LW4s1RDRHQC}}

@misc{double,
	author = {user98602},
	date-added = {2022-05-05 10:52:58 +0300},
	date-modified = {2022-05-05 10:53:08 +0300},
	eprint = {https://math.stackexchange.com/q/1835420},
	howpublished = {Mathematics Stack Exchange},
	note = {URL:https://math.stackexchange.com/q/1835420 (version: 2019-02-14)},
	title = {Homology 4-balls with boundary $S^3$},
	url = {https://math.stackexchange.com/q/1835420},
	bdsk-url-1 = {https://math.stackexchange.com/q/1835420}}

@misc{Variations,
	author = {Monod, Nicolas},
	copyright = {arXiv.org perpetual, non-exclusive license},
	date-added = {2022-05-05 10:23:53 +0300},
	date-modified = {2022-05-05 10:24:07 +0300},
	doi = {10.48550/ARXIV.1604.05454},
	keywords = {Group Theory (math.GR), FOS: Mathematics, FOS: Mathematics},
	publisher = {arXiv},
	title = {Variations on a theme by Higman},
	url = {https://arxiv.org/abs/1604.05454},
	year = {2016},
	bdsk-url-1 = {https://arxiv.org/abs/1604.05454},
	bdsk-url-2 = {https://doi.org/10.48550/ARXIV.1604.05454}}

@incollection{Fullerenes,
	author = {Buchstaber, Victor M and Erokhovets, Nikolay Yu},
	booktitle = {Combinatorial and Toric Homotopy: Introductory Lectures},
	date-added = {2022-05-04 14:58:56 +0300},
	date-modified = {2022-05-04 14:59:04 +0300},
	pages = {67--178},
	publisher = {World Scientific},
	title = {Fullerenes, polytopes and toric topology},
	year = {2018}}

@article{ErokhovetsFullerenes,
	author = {V. M. Buchstaber and N. Yu. Erokhovets},
	date-added = {2022-05-04 14:43:14 +0300},
	date-modified = {2022-05-05 13:28:28 +0300},
	journal = {Izv. RAN. Ser. Mat.},
	number = {5},
	title = {Constructions of families of three-dimensional polytopes, characteristic patches of fullerenes, and Pogorelov polytopes},
	volume = {81},
	year = {2017}}

@article{StructuralChemistry,
	author = {Victor Matveevich Buchstaber and Nikolay Erokhovets},
	date-added = {2022-05-04 14:37:09 +0300},
	date-modified = {2022-05-04 14:41:47 +0300},
	journal = {Structural Chemistry},
	pages = {225-234},
	title = {Finite sets of operations sufficient to construct any fullerene from C20},
	volume = {28},
	year = {2016}}

@article{Bille,
	author = {Bille, Artur and Buchstaber, Victor and Spodarev, Evgeny},
	date-added = {2022-05-04 14:35:53 +0300},
	date-modified = {2022-05-04 14:36:16 +0300},
	doi = {10.1007/s10910-020-01193-4},
	journal = {Journal of Mathematical Chemistry},
	month = {01},
	pages = {1-25},
	title = {Spectral clustering of combinatorial fullerene isomers based on their facet graph structure},
	volume = {59},
	year = {2021},
	bdsk-url-1 = {https://doi.org/10.1007/s10910-020-01193-4}}

@misc{Perelman,
	author = {Perelman, Grisha},
	copyright = {Assumed arXiv.org perpetual, non-exclusive license to distribute this article for submissions made before January 2004},
	date-added = {2022-05-02 18:33:49 +0300},
	date-modified = {2022-05-02 18:33:54 +0300},
	doi = {10.48550/ARXIV.MATH/0211159},
	keywords = {Differential Geometry (math.DG), FOS: Mathematics, FOS: Mathematics, 53C},
	publisher = {arXiv},
	title = {The entropy formula for the Ricci flow and its geometric applications},
	url = {https://arxiv.org/abs/math/0211159},
	year = {2002},
	bdsk-url-1 = {https://arxiv.org/abs/math/0211159},
	bdsk-url-2 = {https://doi.org/10.48550/ARXIV.MATH/0211159}}

@book{Milnor_h,
	author = {John Milnor},
	date-added = {2022-05-02 18:32:07 +0300},
	date-modified = {2022-05-02 18:32:13 +0300},
	doi = {doi:10.1515/9781400878055},
	isbn = {9781400878055},
	lastchecked = {2022-05-02},
	publisher = {Princeton University Press},
	title = {Lectures on the H-Cobordism Theorem},
	url = {https://doi.org/10.1515/9781400878055},
	year = {2015},
	bdsk-url-1 = {https://doi.org/10.1515/9781400878055}}

@book{Scorpan,
	author = {Scorpan, A.},
	date-added = {2022-05-02 18:29:39 +0300},
	date-modified = {2022-05-02 18:29:48 +0300},
	isbn = {9780821837498},
	lccn = {2004062768},
	publisher = {American Mathematical Society},
	title = {The Wild World of 4-Manifolds},
	url = {https://books.google.ru/books?id=VgG9AwAAQBAJ},
	year = {2005},
	bdsk-url-1 = {https://books.google.ru/books?id=VgG9AwAAQBAJ}}

@article{Poincare,
	author = {Poincar{\'e}, H.},
	date-added = {2022-05-02 18:23:19 +0300},
	date-modified = {2022-05-02 18:24:52 +0300},
	journal = {Journal de l'{\'E}cole polytechnique},
	pages = {1-121},
	title = {Analysis situs},
	volume = {1},
	year = {1895}}

@misc{ExplicityPresentation,
	author = {Chiodo, Maurice and Hill, Michael E.},
	copyright = {arXiv.org perpetual, non-exclusive license},
	date-added = {2022-04-29 15:47:15 +0300},
	date-modified = {2022-04-29 15:47:29 +0300},
	doi = {10.48550/ARXIV.1610.00977},
	keywords = {Group Theory (math.GR), FOS: Mathematics, FOS: Mathematics, 20E06, 20F05},
	publisher = {arXiv},
	title = {Preserving torsion orders when embedding into groups with `small' finite presentations},
	url = {https://arxiv.org/abs/1610.00977},
	year = {2016},
	bdsk-url-1 = {https://arxiv.org/abs/1610.00977},
	bdsk-url-2 = {https://doi.org/10.48550/ARXIV.1610.00977}}

@book{Jardine,
	author = {Goerss, Paul and Jardine, Rick},
	date-added = {2022-04-29 15:35:14 +0300},
	date-modified = {2022-04-29 15:45:00 +0300},
	doi = {10.1007/978-3-0346-0189-4},
	month = {01},
	publisher = {Birkh{\"a}user Basel},
	title = {Simplicial homotopy theory},
	year = {2009},
	bdsk-url-1 = {https://doi.org/10.1007/978-3-0346-0189-4}}

@book{Hatcher,
	address = {Cambridge},
	author = {Hatcher, Allen},
	date-added = {2022-04-29 15:33:13 +0300},
	date-modified = {2022-04-29 15:33:24 +0300},
	publisher = {Cambridge Univ. Press},
	title = {{Algebraic topology}},
	url = {https://cds.cern.ch/record/478079},
	year = {2000},
	bdsk-url-1 = {https://cds.cern.ch/record/478079}}

@article{Thurston,
	author = {Thurston, William P.},
	copyright = {Assumed arXiv.org perpetual, non-exclusive license to distribute this article for submissions made before January 2004},
	date-added = {2022-04-29 15:32:24 +0300},
	date-modified = {2022-04-29 15:45:51 +0300},
	doi = {10.48550/ARXIV.MATH/9801088},
	journal = {Unpublished},
	keywords = {Geometric Topology (math.GT), FOS: Mathematics, FOS: Mathematics, 51M20, 51F15, 20H15, 57M50},
	publisher = {arXiv},
	title = {Shapes of polyhedra and triangulations of the sphere},
	url = {https://arxiv.org/abs/math/9801088},
	year = {1998},
	bdsk-url-1 = {https://arxiv.org/abs/math/9801088},
	bdsk-url-2 = {https://doi.org/10.48550/ARXIV.MATH/9801088}}

@misc{Kardos,
	author = {Kardo{\v s}, Franti{\v s}ek},
	copyright = {arXiv.org perpetual, non-exclusive license},
	date-added = {2022-04-29 15:31:33 +0300},
	date-modified = {2022-04-29 15:31:43 +0300},
	doi = {10.48550/ARXIV.1409.2440},
	keywords = {Combinatorics (math.CO), FOS: Mathematics, FOS: Mathematics},
	publisher = {arXiv},
	title = {A computer-assisted proof of Barnette-Goodey conjecture: Not only fullerene graphs are Hamiltonian},
	url = {https://arxiv.org/abs/1409.2440},
	year = {2014},
	bdsk-url-1 = {https://arxiv.org/abs/1409.2440},
	bdsk-url-2 = {https://doi.org/10.48550/ARXIV.1409.2440}}

@article{Hausmann,
	author = {Jean-Claude Hausmann and Shmuel Weinberger},
	date-added = {2022-04-29 15:30:35 +0300},
	date-modified = {2022-04-29 15:30:43 +0300},
	journal = {Commentarii Mathematici Helvetici},
	pages = {139-144},
	title = {Caract{\'e}ristiques d'euler et groupes fondamentaux des vari{\'e}t{\'e}s de dimension 4},
	volume = {60},
	year = {1985}}

@book{Hempel,
	author = {Hempel, J.},
	date-added = {2022-04-29 15:29:54 +0300},
	date-modified = {2022-04-29 15:30:04 +0300},
	isbn = {9780821836958},
	lccn = {2004048971},
	publisher = {AMS Chelsea Pub., American Mathematical Society},
	series = {AMS Chelsea Publishing Series},
	title = {3-Manifolds},
	url = {https://books.google.fr/books?id=eqcJBAAAQBAJ},
	year = {2004},
	bdsk-url-1 = {https://books.google.fr/books?id=eqcJBAAAQBAJ}}

@article{Scott,
	author = {Scott, G. P.},
	date-added = {2022-04-29 15:28:32 +0300},
	date-modified = {2022-04-29 15:28:40 +0300},
	doi = {10.1112/jlms/s2-7.2.246},
	eprint = {https://academic.oup.com/jlms/article-pdf/s2-7/2/246/2596989/s2-7-2-246.pdf},
	issn = {0024-6107},
	journal = {Journal of the London Mathematical Society},
	month = {11},
	number = {2},
	pages = {246-250},
	title = {{Compact Submanifolds of 3-Manifolds}},
	url = {https://doi.org/10.1112/jlms/s2-7.2.246},
	volume = {s2-7},
	year = {1973},
	bdsk-url-1 = {https://doi.org/10.1112/jlms/s2-7.2.246}}

@article{Swan,
	author = {Richard G. Swan},
	date-added = {2022-04-29 15:27:00 +0300},
	date-modified = {2022-04-29 15:27:06 +0300},
	journal = {Annals of Mathematics},
	pages = {267},
	title = {Periodic Resolutions for Finite Groups},
	volume = {72},
	year = {1960}}

@article{Mather,
	author = {J. N. Mather},
	date-added = {2022-04-29 15:24:46 +0300},
	date-modified = {2022-04-29 15:26:26 +0300},
	journal = {Topology},
	pages = {197-298},
	title = {The vanishing of the homology of certain groups of homeomorphisms},
	volume = {10},
	year = {1971}}

@article{EmbeddingTheorems,
	author = {G. Higman and B. H. Neumann and H. Neumann},
	date-added = {2022-04-29 15:22:39 +0300},
	date-modified = {2022-04-29 15:23:39 +0300},
	journal = {J. London Math. Soc.},
	pages = {247-254},
	title = {Embedding theorems for groups},
	volume = {24},
	year = {1949}}

@article{UniversalHigmanGroup,
	author = {Graham Higman},
	date-added = {2022-04-29 15:18:28 +0300},
	date-modified = {2022-04-29 15:18:39 +0300},
	journal = {Proceedings of the Royal Society of London. Series A. Mathematical and Physical Sciences},
	pages = {455 - 475},
	title = {Subgroups of finitely presented groups},
	volume = {262},
	year = {1961}}

@book{Serre,
	address = {Berlin},
	author = {Serre, Jean-Pierre},
	boekcode = {20Gxx},
	date-added = {2022-04-29 15:16:59 +0300},
	date-modified = {2022-04-29 15:17:10 +0300},
	isbn = {3-540-10103-9},
	mrclass = {20H10 (05C05 22E50)},
	mrnumber = {607504 (82c:20083)},
	note = {Translated from the French by John Stillwell},
	pages = {ix+142},
	publisher = {Springer-Verlag},
	title = {Trees},
	year = {1980}}

@article{BaumslagUniversal,
	author = {G. Baumslag and E. Dyer and C.F. Miller},
	date-added = {2022-04-29 15:15:50 +0300},
	date-modified = {2022-04-29 15:16:00 +0300},
	doi = {https://doi.org/10.1016/0040-9383(83)90044-7},
	issn = {0040-9383},
	journal = {Topology},
	number = {1},
	pages = {27-46},
	title = {On the integral homology of finitely presented groups},
	url = {https://www.sciencedirect.com/science/article/pii/0040938383900447},
	volume = {22},
	year = {1983},
	bdsk-url-1 = {https://www.sciencedirect.com/science/article/pii/0040938383900447},
	bdsk-url-2 = {https://doi.org/10.1016/0040-9383(83)90044-7}}

@article{Dror,
	abstract = {An analysis of the homotopy type of spaces with the same homology as the sphere Sn(n>1) is given. All such spaces are constructed by means of algebraic ``invariants''and a certain homology decomposition tower.},
	author = {Dror, E.},
	date = {1973/06/01},
	date-added = {2022-04-29 15:15:13 +0300},
	date-modified = {2022-04-29 15:15:22 +0300},
	doi = {10.1007/BF02764597},
	id = {Dror1973},
	isbn = {1565-8511},
	journal = {Israel Journal of Mathematics},
	number = {2},
	pages = {115--129},
	title = {Homology spheres},
	url = {https://doi.org/10.1007/BF02764597},
	volume = {15},
	year = {1973},
	bdsk-url-1 = {https://doi.org/10.1007/BF02764597}}

@book{BousfieldKan,
	author = {Aldridge K. Bousfield and Daniel M. Kan},
	date-added = {2022-04-29 15:12:01 +0300},
	date-modified = {2022-04-29 15:13:19 +0300},
	publisher = {Springer-Verlag Berlin Heidelberg},
	series = {Lecture Notes in Mathematics},
	title = {Homotopy Limits, Completions and Localizations},
	year = {1972}}

@book{QuillenHomAlg,
	author = {Daniel G. Quillen},
	date-added = {2022-04-29 15:10:00 +0300},
	date-modified = {2022-04-29 15:10:44 +0300},
	publisher = {Springer-Verlag Berlin Heidelberg},
	series = {Lecture Notes in Mathematics},
	title = {Homotopical Algebra},
	year = {1967}}

@article{Burnside,
	author = {P. S. Novikov and S. I. Adian},
	date-added = {2022-04-29 15:07:05 +0300},
	date-modified = {2022-05-05 13:29:53 +0300},
	journal = {Izv. Akad. Nauk SSSR Ser. Mat.},
	number = {1},
	pages = {212-244},
	title = {Infinite periodic groups. I},
	volume = {32},
	year = {1968}}

@article{Dobr,
	author = {Н. Э. Добринская},
	date-added = {2022-04-29 15:05:40 +0300},
	date-modified = {2022-04-29 15:08:34 +0300},
	journal = {УМН},
	number = {6},
	pages = {1215-1217},
	rating = {0},
	title = {Гипотеза Арнольда--Тома--Фама и классифицирующее пространство положительного моноида Артин},
	volume = {57},
	year = {2002}}

@article{BerrickHillman,
	author = {Berrick, AJ and Hillman, JA},
	date-added = {2022-04-29 15:05:03 +0300},
	date-modified = {2022-04-29 15:05:15 +0300},
	doi = {10.1112/S0024610703004587},
	journal = {Journal of The London Mathematical Society-second Series - J LONDON MATH SOC-SECOND SER},
	month = {12},
	title = {Perfect and acyclic subgroups of finitely presentable groups},
	volume = {68},
	year = {2003},
	bdsk-url-1 = {https://doi.org/10.1112/S0024610703004587}}

@article{Ganea,
	author = {Samuel Eilenberg and Tudor Alexandru Ganea},
	date-added = {2022-04-29 15:03:56 +0300},
	date-modified = {2022-04-29 15:04:10 +0300},
	journal = {Annals of Mathematics},
	pages = {517},
	title = {On the Lusternik-Schnirelmann Category of Abstract Groups},
	volume = {65},
	year = {1957}}

@article{View,
	abstract = {Two extremal classes of acyclic groups are discussed. For an arbitrary group G, there is always a homomorphism from an acyclic group of cohomological dimension 2 onto the maximum perfect subgroup of G, and there is always an embedding of G in a binate (hence acyclic) group. In the other direction, there are no nontrivial homomorphisms from binate groups to groups of finite cohomological dimension. Binate groups are shown to be of significance in relation to a number of important K-theoretic isomorphism conjectures.},
	author = {A.J. Berrick},
	date-added = {2022-04-29 15:03:07 +0300},
	date-modified = {2022-04-29 15:03:18 +0300},
	doi = {https://doi.org/10.1016/j.jalgebra.2010.05.009},
	issn = {0021-8693},
	journal = {Journal of Algebra},
	keywords = {Acyclic group, Bass conjecture, Baum--Connes conjecture, Binate group, Cohomological dimension, Farkas conjecture, Frattini embedding, Hattori--Stallings trace, Perfect group},
	note = {Special issue in Memory of Karl Walter Gruenberg},
	number = {1},
	pages = {47-58},
	title = {The acyclic group dichotomy},
	url = {https://www.sciencedirect.com/science/article/pii/S0021869310002358},
	volume = {326},
	year = {2011},
	bdsk-url-1 = {https://www.sciencedirect.com/science/article/pii/S0021869310002358},
	bdsk-url-2 = {https://doi.org/10.1016/j.jalgebra.2010.05.009}}

@article{MilnorBG,
	author = {John W. Milnor},
	date-added = {2022-04-29 15:02:19 +0300},
	date-modified = {2022-04-29 15:41:49 +0300},
	journal = {Annals of Mathematics},
	pages = {272},
	title = {Construction of Universal Bundles, II},
	volume = {63},
	year = {1956}}

@article{Milgram,
	author = {R. James Milgram},
	date-added = {2022-04-29 15:01:14 +0300},
	date-modified = {2022-04-29 15:01:26 +0300},
	doi = {10.1215/ijm/1256054662},
	journal = {Illinois Journal of Mathematics},
	number = {2},
	pages = {242 -- 250},
	publisher = {Duke University Press},
	title = {{The bar construction and abelian $H$-spaces}},
	url = {https://doi.org/10.1215/ijm/1256054662},
	volume = {11},
	year = {1967},
	bdsk-url-1 = {https://doi.org/10.1215/ijm/1256054662}}

@book{Novikov,
	author = {I. A. Volodin and V. E. Kuznetsov and A. T. Fomenko},
	date-added = {2022-04-29 14:03:17 +0300},
	date-modified = {2022-05-05 13:32:50 +0300},
	edition = {5},
	publisher = {Uspekhi Mat. Nauk},
	title = {The problem of discriminating algorithmically the standard three-dimensional sphere},
	volume = {29},
	year = {1974}}

@article{Milnor,
	author = {Tim D. Cochran and Nathan Habegger},
	date-added = {2022-04-29 14:00:43 +0300},
	date-modified = {2022-04-29 14:00:54 +0300},
	doi = {https://doi.org/10.1016/0040-9383(90)90014-B},
	issn = {0040-9383},
	journal = {Topology},
	number = {4},
	pages = {419-440},
	title = {On the homotopy theory of simply connected four manifolds},
	url = {https://www.sciencedirect.com/science/article/pii/004093839090014B},
	volume = {29},
	year = {1990},
	bdsk-url-1 = {https://www.sciencedirect.com/science/article/pii/004093839090014B},
	bdsk-url-2 = {https://doi.org/10.1016/0040-9383(90)90014-B}}

@article{Kervaire,
	author = {Kervaire, Michel},
	date-added = {2022-04-29 14:00:01 +0300},
	date-modified = {2022-04-29 14:00:10 +0300},
	doi = {10.24033/bsmf.1624},
	journal = {Bulletin de la Soci\'et\'e Math\'ematique de France},
	language = {fr},
	mrnumber = {32 #6479},
	pages = {225--271},
	publisher = {Soci\'et\'e math\'ematique de France},
	title = {Les n{\oe}uds de dimensions sup\'erieures},
	url = {http://www.numdam.org/articles/10.24033/bsmf.1624/},
	volume = {93},
	year = {1965},
	zbl = {0141.21201},
	bdsk-url-1 = {http://www.numdam.org/articles/10.24033/bsmf.1624/},
	bdsk-url-2 = {https://doi.org/10.24033/bsmf.1624}}

@article{Lenz,
	author = {Bullejos, Manuel and Cegarra, Antonio},
	date-added = {2022-04-29 13:58:27 +0300},
	date-modified = {2022-04-29 13:58:40 +0300},
	doi = {10.4153/CMB-2004-031-8},
	journal = {Math. Bull},
	month = {09},
	pages = {321-331},
	title = {Classifying Spaces for Monoidal Categories Through Geometric Nerves},
	volume = {47},
	year = {2004},
	bdsk-url-1 = {https://doi.org/10.4153/CMB-2004-031-8}}

@article{Malcev,
	author = {Malcev, A.},
	date = {1937/12/01},
	date-added = {2022-04-29 13:57:22 +0300},
	date-modified = {2022-04-29 13:57:35 +0300},
	doi = {10.1007/BF01571659},
	id = {Malcev1937},
	isbn = {1432-1807},
	journal = {Mathematische Annalen},
	number = {1},
	pages = {686--691},
	title = {On the immersion of an algebraic ring into a field},
	url = {https://doi.org/10.1007/BF01571659},
	volume = {113},
	year = {1937},
	bdsk-url-1 = {https://doi.org/10.1007/BF01571659}}

@article{Automorphisms,
	author = {de la Harpe, Pierre and McDuff, Dusa},
	date = {1983/12/01},
	date-added = {2022-04-29 13:56:49 +0300},
	date-modified = {2022-04-29 13:57:00 +0300},
	doi = {10.1007/BF02564624},
	id = {de la Harpe1983},
	isbn = {1420-8946},
	journal = {Commentarii Mathematici Helvetici},
	number = {1},
	pages = {48--71},
	title = {Acyclic groups of automorphisms},
	url = {https://doi.org/10.1007/BF02564624},
	volume = {58},
	year = {1983},
	bdsk-url-1 = {https://doi.org/10.1007/BF02564624}}

@article{McDuff,
	author = {Dusa McDuff},
	date-added = {2022-04-29 13:55:59 +0300},
	date-modified = {2022-04-29 13:56:14 +0300},
	doi = {https://doi.org/10.1016/0040-9383(79)90022-3},
	issn = {0040-9383},
	journal = {Topology},
	number = {4},
	pages = {313-320},
	title = {On the classifying spaces of discrete monoids},
	url = {https://www.sciencedirect.com/science/article/pii/0040938379900223},
	volume = {18},
	year = {1979},
	bdsk-url-1 = {https://www.sciencedirect.com/science/article/pii/0040938379900223},
	bdsk-url-2 = {https://doi.org/10.1016/0040-9383(79)90022-3}}

@misc{Monod,
	author = {Monod, Nicolas},
	copyright = {arXiv.org perpetual, non-exclusive license},
	date-added = {2022-04-29 13:55:23 +0300},
	date-modified = {2022-04-29 13:55:33 +0300},
	doi = {10.48550/ARXIV.1604.05454},
	keywords = {Group Theory (math.GR), FOS: Mathematics, FOS: Mathematics},
	publisher = {arXiv},
	title = {Variations on a theme by Higman},
	url = {https://arxiv.org/abs/1604.05454},
	year = {2016},
	bdsk-url-1 = {https://arxiv.org/abs/1604.05454},
	bdsk-url-2 = {https://doi.org/10.48550/ARXIV.1604.05454}}

@article{Vasquez,
	author = {Dyer, Eldon and Vasquez, A. T.},
	date-added = {2022-04-29 13:54:19 +0300},
	date-modified = {2022-04-29 13:54:28 +0300},
	doi = {10.1017/S1446788700015147},
	journal = {Journal of the Australian Mathematical Society},
	number = {3},
	pages = {332--352},
	publisher = {Cambridge University Press},
	title = {Some small aspherical spaces},
	volume = {16},
	year = {1973},
	bdsk-url-1 = {https://doi.org/10.1017/S1446788700015147}}

@article{Maunder,
	author = {Maunder, C. R. F.},
	date-added = {2022-04-29 13:53:12 +0300},
	date-modified = {2022-04-29 13:53:26 +0300},
	doi = {10.1112/blms/13.4.325},
	eprint = {https://academic.oup.com/blms/article-pdf/13/4/325/6691990/13-4-325.pdf},
	issn = {0024-6093},
	journal = {Bulletin of the London Mathematical Society},
	month = {07},
	number = {4},
	pages = {325-327},
	title = {{A Short Proof of a Theorem of Kan and Thurston}},
	url = {https://doi.org/10.1112/blms/13.4.325},
	volume = {13},
	year = {1981},
	bdsk-url-1 = {https://doi.org/10.1112/blms/13.4.325}}

@article{Higman,
	author = {Graham Higman},
	date-added = {2022-04-29 13:52:27 +0300},
	date-modified = {2022-04-29 15:40:44 +0300},
	journal = {Journal of The London Mathematical Society-second Series},
	pages = {61-64},
	title = {A Finitely Generated Infinite Simple Group},
	year = {1951},
	bdsk-file-1 = {YnBsaXN0MDDSAQIDBFxyZWxhdGl2ZVBhdGhZYWxpYXNEYXRhVWsuYmliTxEBigAAAAABigACAAAMTWFjaW50b3NoIEhEAAAAAAAAAAAAAAAAAAAAAAAAAEJEAAH/////BWsuYmliAAAAAAAAAAAAAAAAAAAAAAAAAAAAAAAAAAAAAAAAAAAAAAAAAAAAAAAAAAAAAAAAAAAAAAAAAAAAAP////8AAAAAAAAAAAAAAAAAAQACAAAKIGN1AAAAAAAAAAAAAAAAAAR2NC4wAAIAUy86VXNlcnM6bWljaGFlbGtvcm5lZmY6RG9jdW1lbnRzOkFjeWNsaWMgZ3JvdXBzIGFuZCBLYW4gVGh1cnN0b24gdGhlb3JlbTp2NC4wOmsuYmliAAAOAAwABQBrAC4AYgBpAGIADwAaAAwATQBhAGMAaQBuAHQAbwBzAGgAIABIAEQAEgBRVXNlcnMvbWljaGFlbGtvcm5lZmYvRG9jdW1lbnRzL0FjeWNsaWMgZ3JvdXBzIGFuZCBLYW4gVGh1cnN0b24gdGhlb3JlbS92NC4wL2suYmliAAATAAEvAAAVAAIAFf//AAAACAANABoAJAAqAAAAAAAAAgEAAAAAAAAABQAAAAAAAAAAAAAAAAAAAbg=}}

@article{Kan,
	author = {D.M. Kan and W.P. Thurston},
	date-added = {2022-04-29 13:51:14 +0300},
	date-modified = {2022-05-02 18:36:33 +0300},
	doi = {https://doi.org/10.1016/0040-9383(76)90040-9},
	issn = {0040-9383},
	journal = {Topology},
	number = {3},
	pages = {253-258},
	title = {Every connected space has the homology of a $K(\pi,1)$},
	url = {https://www.sciencedirect.com/science/article/pii/0040938376900409},
	volume = {15},
	year = {1976},
	bdsk-url-1 = {https://www.sciencedirect.com/science/article/pii/0040938376900409},
	bdsk-url-2 = {https://doi.org/10.1016/0040-9383(76)90040-9}}

@article{Deleanu,
	author = {Deleanu, Aristide},
	date-added = {2022-04-29 13:50:45 +0300},
	date-modified = {2022-04-29 13:50:54 +0300},
	journal = {Cahiers de Topologie et G\'eom\'etrie Diff\'erentielle Cat\'egoriques},
	language = {en},
	mrnumber = {675335},
	pages = {231-242},
	title = {On a theorem of Baumslag, Dyer and Heller linking group theory and topology},
	url = {http://dml.mathdoc.fr/item/CTGDC_1982__23_3_231_0},
	volume = {23},
	year = {1982},
	zbl = {0504.55019},
	bdsk-url-1 = {http://dml.mathdoc.fr/item/CTGDC_1982__23_3_231_0}}

@article{Whitehead,
	author = {Whitehead, J.},
	date-added = {2022-04-29 13:45:56 +0300},
	date-modified = {2022-04-29 13:46:06 +0300},
	journal = {Fundamenta Mathematicae},
	keywords = {Topology},
	language = {eng},
	number = {1},
	pages = {149-166},
	title = {On the asphericity of regions in a 3-sphere},
	url = {http://eudml.org/doc/213054},
	volume = {32},
	year = {1939},
	bdsk-url-1 = {http://eudml.org/doc/213054}}

@article{BDH,
	author = {G. Baumslag and E. Dyer and A. Heller},
	date-added = {2022-04-29 13:43:57 +0300},
	date-modified = {2022-04-29 13:44:08 +0300},
	doi = {https://doi.org/10.1016/0022-4049(80)90040-7},
	issn = {0022-4049},
	journal = {Journal of Pure and Applied Algebra},
	number = {1},
	pages = {1-47},
	title = {The topology of discrete groups},
	url = {https://www.sciencedirect.com/science/article/pii/0022404980900407},
	volume = {16},
	year = {1980},
	bdsk-url-1 = {https://www.sciencedirect.com/science/article/pii/0022404980900407},
	bdsk-url-2 = {https://doi.org/10.1016/0022-4049(80)90040-7}}

@book{Brown,
	author = {Kenneth S. Brown},
	date-added = {2022-04-29 13:40:07 +0300},
	date-modified = {2022-04-29 13:41:18 +0300},
	publisher = {Springer New York, NY},
	series = {Graduate Texts in Mathematics},
	title = {Cohomology of Groups},
	volume = {87},
	year = {1982}}

@book{Toric,
	author = {Victor M. Buchstaber and Taras E. Panov},
	date-added = {2022-04-29 13:31:19 +0300},
	date-modified = {2022-04-29 13:42:16 +0300},
	edition = {204},
	publisher = {American Mathematical Society},
	series = {Mathematical Surveys and Monographs},
	title = {Toric Topology},
	year = {2015}}
