@MISC {1835420,
    TITLE = {Homology 4-balls with boundary $S^3$},
    AUTHOR = {user98602},
    HOWPUBLISHED = {Mathematics Stack Exchange},
    NOTE = {URL:https://math.stackexchange.com/q/1835420 (version: 2019-02-14)},
    EPRINT = {https://math.stackexchange.com/q/1835420},
    URL = {https://math.stackexchange.com/q/1835420}
}